%YAML 1.1
%TAG !u! tag:unity3d.com,2011:
--- !u!244 &-8667342588459855754
AudioMixerEffectController:
  m_ObjectHideFlags: 3
  m_CorrespondingSourceObject: {fileID: 0}
  m_PrefabInstance: {fileID: 0}
  m_PrefabAsset: {fileID: 0}
  m_Name: 
  m_EffectID: cad5ecf900ec005429630f095e180c6c
  m_EffectName: Attenuation
  m_MixLevel: 38adb04d7e9e77a4c89c3b374fd59a32
  m_Parameters: []
  m_SendTarget: {fileID: 0}
  m_EnableWetMix: 0
  m_Bypass: 0
--- !u!243 &-5069188344248256705
AudioMixerGroupController:
  m_ObjectHideFlags: 0
  m_CorrespondingSourceObject: {fileID: 0}
  m_PrefabInstance: {fileID: 0}
  m_PrefabAsset: {fileID: 0}
  m_Name: Sting
  m_AudioMixer: {fileID: 24100000}
  m_GroupID: 3d088a55e9c69044bb54497ccf481731
  m_Children: []
  m_Volume: 9e13bb0832d57344094878bb7d1cc879
  m_Pitch: d699f9ee8ba54ec44ae8eb1e0630fd8a
  m_Send: 00000000000000000000000000000000
  m_Effects:
  - {fileID: 773156154108962066}
  m_UserColorIndex: 0
  m_Mute: 0
  m_Solo: 0
  m_BypassEffects: 0
--- !u!243 &-1865829926575262102
AudioMixerGroupController:
  m_ObjectHideFlags: 0
  m_CorrespondingSourceObject: {fileID: 0}
  m_PrefabInstance: {fileID: 0}
  m_PrefabAsset: {fileID: 0}
  m_Name: Ship
  m_AudioMixer: {fileID: 24100000}
  m_GroupID: 98a8af243c2c4b74db57fcb9556fbe0a
  m_Children: []
  m_Volume: 7ad7c49fb534d4b4b85516640d5d6061
  m_Pitch: 2b26534fb9ee2f34f848bed59a822dcf
  m_Send: 00000000000000000000000000000000
  m_Effects:
  - {fileID: 2442428088228348871}
  m_UserColorIndex: 0
  m_Mute: 0
  m_Solo: 0
  m_BypassEffects: 0
--- !u!243 &-1021386099361181523
AudioMixerGroupController:
  m_ObjectHideFlags: 0
  m_CorrespondingSourceObject: {fileID: 0}
  m_PrefabInstance: {fileID: 0}
  m_PrefabAsset: {fileID: 0}
  m_Name: MusicGroup
  m_AudioMixer: {fileID: 24100000}
  m_GroupID: 3bd167c59ebb71542b020d9108b1f20e
  m_Children: []
  m_Volume: c7163f749544efc45a65ade0a056d208
  m_Pitch: 353306dae24fafa41879039938221c7e
  m_Send: 00000000000000000000000000000000
  m_Effects:
  - {fileID: -8667342588459855754}
  m_UserColorIndex: 0
  m_Mute: 0
  m_Solo: 0
  m_BypassEffects: 0
--- !u!241 &24100000
AudioMixerController:
  m_ObjectHideFlags: 0
  m_CorrespondingSourceObject: {fileID: 0}
  m_PrefabInstance: {fileID: 0}
  m_PrefabAsset: {fileID: 0}
  m_Name: MainAudioMixer
  m_OutputGroup: {fileID: 0}
  m_MasterGroup: {fileID: 24300002}
  m_Snapshots:
  - {fileID: 24500006}
  m_StartSnapshot: {fileID: 24500006}
  m_SuspendThreshold: -80
  m_EnableSuspend: 1
  m_UpdateMode: 0
  m_ExposedParameters: []
  m_AudioMixerGroupViews:
  - guids:
    - e2f3aba76fe26bc43ba7bed12f92f597
    - 3bd167c59ebb71542b020d9108b1f20e
    - 8ebc31d24ebc3d641adafe139409786a
    - 98a8af243c2c4b74db57fcb9556fbe0a
    - 3d088a55e9c69044bb54497ccf481731
    name: View
  m_CurrentViewIndex: 0
  m_TargetSnapshot: {fileID: 24500006}
--- !u!243 &24300002
AudioMixerGroupController:
  m_ObjectHideFlags: 0
  m_CorrespondingSourceObject: {fileID: 0}
  m_PrefabInstance: {fileID: 0}
  m_PrefabAsset: {fileID: 0}
  m_Name: Master
  m_AudioMixer: {fileID: 24100000}
  m_GroupID: e2f3aba76fe26bc43ba7bed12f92f597
  m_Children:
  - {fileID: -1021386099361181523}
  - {fileID: 944742996819717548}
  - {fileID: -5069188344248256705}
  - {fileID: -1865829926575262102}
  m_Volume: f5e4e79d70070ec4ab13ec23c112e1fe
  m_Pitch: 03439916ac6210540bae65bbfb1967a1
  m_Send: 00000000000000000000000000000000
  m_Effects:
  - {fileID: 24400004}
  m_UserColorIndex: 0
  m_Mute: 0
  m_Solo: 0
  m_BypassEffects: 0
--- !u!244 &24400004
AudioMixerEffectController:
  m_ObjectHideFlags: 3
  m_CorrespondingSourceObject: {fileID: 0}
  m_PrefabInstance: {fileID: 0}
  m_PrefabAsset: {fileID: 0}
  m_Name: 
  m_EffectID: 9645bc638e3f7d94db36a8b90f3299ae
  m_EffectName: Attenuation
  m_MixLevel: 0e853b1125a079a478aa4867c68f6091
  m_Parameters: []
  m_SendTarget: {fileID: 0}
  m_EnableWetMix: 0
  m_Bypass: 0
--- !u!245 &24500006
AudioMixerSnapshotController:
  m_ObjectHideFlags: 0
  m_CorrespondingSourceObject: {fileID: 0}
  m_PrefabInstance: {fileID: 0}
  m_PrefabAsset: {fileID: 0}
  m_Name: Snapshot
  m_AudioMixer: {fileID: 24100000}
  m_SnapshotID: efa85d79b9ad2f24997b8a996317f1d8
  m_FloatValues:
    c7163f749544efc45a65ade0a056d208: -19.928473
    f5e4e79d70070ec4ab13ec23c112e1fe: -22.003613
  m_TransitionOverrides: {}
--- !u!244 &773156154108962066
AudioMixerEffectController:
  m_ObjectHideFlags: 3
  m_CorrespondingSourceObject: {fileID: 0}
  m_PrefabInstance: {fileID: 0}
  m_PrefabAsset: {fileID: 0}
  m_Name: 
  m_EffectID: ac9bfcac7202efc499c980a273f19ab8
  m_EffectName: Attenuation
  m_MixLevel: 8885220147218cd4aae36daede949563
  m_Parameters: []
  m_SendTarget: {fileID: 0}
  m_EnableWetMix: 0
  m_Bypass: 0
--- !u!243 &944742996819717548
AudioMixerGroupController:
  m_ObjectHideFlags: 0
  m_CorrespondingSourceObject: {fileID: 0}
  m_PrefabInstance: {fileID: 0}
  m_PrefabAsset: {fileID: 0}
  m_Name: SFXGroup
  m_AudioMixer: {fileID: 24100000}
  m_GroupID: 8ebc31d24ebc3d641adafe139409786a
  m_Children: []
  m_Volume: afa3e2555d5e0bb4bb34a8962ec2d7ad
  m_Pitch: 2b68fc3d2b717d5409a624631d6db946
  m_Send: 00000000000000000000000000000000
  m_Effects:
  - {fileID: 7649834169067983255}
  m_UserColorIndex: 0
  m_Mute: 0
  m_Solo: 0
  m_BypassEffects: 0
--- !u!244 &2442428088228348871
AudioMixerEffectController:
  m_ObjectHideFlags: 3
  m_CorrespondingSourceObject: {fileID: 0}
  m_PrefabInstance: {fileID: 0}
  m_PrefabAsset: {fileID: 0}
  m_Name: 
  m_EffectID: 05c22ffc88930fb4382617addb9e1424
  m_EffectName: Attenuation
  m_MixLevel: 1d3c523f248709e45895a868cb461c18
  m_Parameters: []
  m_SendTarget: {fileID: 0}
  m_EnableWetMix: 0
  m_Bypass: 0
--- !u!244 &7649834169067983255
AudioMixerEffectController:
  m_ObjectHideFlags: 3
  m_CorrespondingSourceObject: {fileID: 0}
  m_PrefabInstance: {fileID: 0}
  m_PrefabAsset: {fileID: 0}
  m_Name: 
  m_EffectID: 48a4d452b758b284dbd534182083ee0e
  m_EffectName: Attenuation
  m_MixLevel: a423c4c01095bdc4ea7a1fdacfb9eb6a
  m_Parameters: []
  m_SendTarget: {fileID: 0}
  m_EnableWetMix: 0
  m_Bypass: 0
